<?xml version="1.0" encoding="UTF-8"?><collection xmlns="http://www.loc.gov/MARC21/slim"><record><leader>00638nam--2200181-i-4500</leader><controlfield tag="001">000034091</controlfield><controlfield tag="002">20161230</controlfield><controlfield tag="005">20161230201039</controlfield><controlfield tag="008">060222s1000------------r-----000-0-eng-d</controlfield><datafield ind1=" " ind2=" " tag="040"><subfield code="a">IFIN-HH</subfield></datafield><datafield ind1=" " ind2=" " tag="080"><subfield code="a">538.975:538.95(061.3)</subfield></datafield><datafield ind1="1" ind2=" " tag="100"><subfield code="a">Neugebauer, C.A</subfield></datafield><datafield ind1="1" ind2="0" tag="245"><subfield code="a">Structure and properties of thin films</subfield><subfield code="b">Proceedings of an international conference held at bolton landing, new york on september 9-11, 1959</subfield><subfield code="c">C.a. neugebauer, j.b. newkirk, d.a. vermilyea (eds.)</subfield></datafield><datafield ind1=" " ind2=" " tag="260"><subfield code="a">New York</subfield><subfield code="b">John Wiley &amp; Sons, Inc</subfield><subfield code="c">1959</subfield></datafield><datafield ind1=" " ind2=" " tag="300"><subfield code="a">XIV + 561P</subfield></datafield><datafield ind1="1" ind2=" " tag="700"><subfield code="a">Vermilyea, D.A</subfield><subfield code="e">Ed</subfield></datafield><datafield ind1=" " ind2=" " tag="852"><subfield code="a">11509</subfield><subfield code="c">539.23</subfield></datafield><datafield ind1=" " ind2=" " tag="CAT"><subfield code="a">Sys</subfield><subfield code="c">20121212</subfield><subfield code="h">152953</subfield></datafield></record></collection>